@inproceedings{rao1995bdi,
	title={BDI agents: from theory to practice.},
	author={Rao, Anand S and Georgeff, Michael P and others},
	booktitle={Icmas},
	volume={95},
	pages={312--319},
	year={1995}
}
